@Unpublished{tRNA-Phe,
  author =       {Yikrazuul},
  title =        {TRNA-Phe yeast 1ehz},
  note =         {Available Online; accessed 30-January-2015: \url{https://commons.wikimedia.org/wiki/File:TRNA-Phe_yeast_1ehz.png#mediaviewer/File:TRNA-Phe_yeast_1ehz.png}},
}

@Article{AntibioticsRibosomeEffect,
  author =       {Lambert T.},
  title =        {Antibiotics that affect the ribosome.},
  journal =      {Rev. sci. tech. Off. int. Epiz},
  year =         {2012},
  OPTvolume =    {31},
  OPTpages =     {57-64},
}

@Book{BioChemBlei,
  author =    {Ira Blei, George Odian},
  title =        {General, Organic, and Biochemistry},
  publisher =    {W.H. Freeman and Company},
  year =         {2006},
}

@Book{BioChemPrinciples,
  author =    {Moran, L. and Horton, R. and Scrimgeour, G. and Perry, M.},
  title =        {Principles of Biochemistry 5th},
  publisher =    {Pearson International},
  year =         {2014},
}

 @misc{Doxorubicin,
   author = "Wikipedia",
   title = "Doxorubicin --- {W}ikipedia{,} The Free Encyclopedia",
   year = "2014",
   note = {Available Online; accessed 30-January-2015: \url{https://en.wikipedia.org/wiki/Doxorubicin}}, 
}
